@misc{kaggle,
  title={ICDAR2013 - Gender Prediction from Handwriting},
  howpublished={\url{http://www.kaggle.com/c/icdar2013-gender-prediction-from-handwriting}}
}

@inproceedings{geometricFeatures,
title={A Set of Geometrical Features for Writer Identification. Neural Information Processing},
author={Hassa√Øne, A., Al-Maadeed, S. and Bouridane, A.},
booktitle={Neural Information Processing},
year={2012}
}
