@misc{kaggle,
  title={ICDAR2013 - Gender Prediction from Handwriting},
  howpublished={\url{http://www.kaggle.com/c/icdar2013-gender-prediction-from-handwriting}}
}

@inproceedings{SyntheticParameters,
title={Parameters for Handwriting Classification},
author={Bouletreau, V. and Vincent and N., Sabourin, R. and Emptoz, H.},
booktitle={IEEE 1997},
year={1997}
}

@inproceedings{Preprocessing,
title={Preprocessing and Feature Extraction for a Handwriting Recognition System},
author={Caesar, T. and Gloger, J.M. and Mandler, E.},
booktitle={IEEE 1993},
year={1993}
}

@inproceedings{GeometricalFeatures,
title={A set of geometrical features for writer identification, neural information processing},
author={Hassaine, A. and Somaya, A.M. and Bouridane, A.},
booktitle={Neural Information Processing},
year={2012}
}

@inproceedings{NovelFeatures,
title={A Set of Novel Features for Writer Identification},
author={Hertel, C. and Bunke, Horst},
booktitle={AVBPA},
year={2003}
}

@MISC{BlockBased,
    author = {G. Louloudis and B. Gatos and I. Pratikakis and K. Halatsis},
    title = {A Block-Based Hough Transform Mapping for Text Line Detection in Handwritten Documents},
    year = {}
}

@INPROCEEDINGS{WriterID, 
author={Marti, U.-V. and Messerli, R. and Bunke, H.}, 
booktitle={Document Analysis and Recognition, 2001. Proceedings. Sixth International Conference on}, 
title={Writer identification using text line based features}, 
year={2001}, 
pages={101-105}, 
keywords={feature extraction;feedforward neural nets;fractals;handwriting recognition;image classification;feature extraction;feedforward neural network classifier;fractal behavior;handwritten lines;k-nearest neighbor classifier;legibility;maximum ranking;persons recognition;recognition rate;text line based features;writer identification;writing slant;writing width;writing zones;Anthropometry;Feature extraction;Feedforward neural networks;Feeds;Forward contracts;Fractals;Handwriting recognition;Neural networks;Text recognition;Writing}, 
doi={10.1109/ICDAR.2001.953763},}

@ARTICLE{ThresholdSelection, 
journal={Systems, Man and Cybernetics, IEEE Transactions on}, 
author={Otsu, N.},
title={A Threshold Selection Method from Gray-Level Histograms}, 
year={1979}, 
volume={9}, 
number={1}, 
pages={62-66}, 
keywords={Displays;Gaussian distribution;Histograms;Least squares approximation;Marine vehicles;Q measurement;Radar tracking;Sea measurements;Surveillance;Target tracking}, 
doi={10.1109/TSMC.1979.4310076}, 
ISSN={0018-9472}
}

@inproceedings{FractalDimensions,
title={How to Use Fractal Dimensions to Qualify Writings and Writers},
author={Vincent, N. and Bouletreau, V. and Emptoz, H. and Sabourin, R},
booktitle={Fractals},
year={2000}
}
